
@misc{hagevik,
	title = {Ølensvåg - Vindafjord kommune},
	author = {{Hagevik}, {Ellen Marie}},
	url = {https://www.vindafjord.kommune.no/vakre-vindafjord/bu-i-vindafjord/bygdene/olensvag/},
	langid = {nn}
}

@misc{hagevik,
	title = {Ølensvåg - Vindafjord kommune},
	author = {{Hagevik}, {Ellen Marie}},
	url = {https://www.vindafjord.kommune.no/vakre-vindafjord/bu-i-vindafjord/bygdene/olensvag/},
	langid = {nn}
}

@misc{tettsted,
	title = {Tettsteders befolkning og areal},
	url = {https://www.ssb.no/befolkning/folketall/statistikk/tettsteders-befolkning-og-areal},
	langid = {nb}
}
